@article{bahri2022scarf,
  title={SCARF: Self-Supervised Contrastive Learning using Random Feature Corruption},
  author={Bahri, Dara and Jiang, Heinrich and Tay, Yi and Metzler, Donald},
  journal={ICLR 2022 Spotlight},
  year={2022},
  month={Jan},
  day={29},
  url={https://arxiv.org/abs/2106.15147},
  keywords={self-supervised learning, tabular data, pre-training, contrastive learning, openML}
}

@article{lee2019clinical,
  title={Clinical validity assessment of genes frequently tested on hereditary breast and ovarian cancer susceptibility sequencing panels},
  author={Lee, K and Seifert, BA and Shimelis, H and Ghosh, R and Crowley, SB and Carter, NJ and Doonanco, K and Foreman, AK and Ritter, DI and Jimenez, S and Trapp, M and Offit, K and Plon, SE and Couch, FJ},
  journal={Genet Med},
  volume={21},
  number={7},
  pages={1497--1506},
  year={2019},
  publisher={Nature Publishing Group},
  doi={10.1038/s41436-018-0361-5},
  pmid={30504931},
  pmcid={PMC6579711}
}

@article{hsu2023learning,
  title={Learning from small medical data-robust semi-supervised cancer prognosis classifier with Bayesian variational autoencoder},
  author={Hsu, TC and Lin, C},
  journal={Bioinform Adv},
  volume={3},
  number={1},
  pages={vbac100},
  year={2023},
  doi={10.1093/bioadv/vbac100},
  pmid={36698767},
  pmcid={PMC9832968}
}


@article{katzman2018deepsurv,
  title={DeepSurv: personalized treatment recommender system using a Cox proportional hazards deep neural network},
  author={Katzman, J.L. and Shaham, U. and Cloninger, A. and others},
  journal={BMC Med Res Methodol},
  volume={18},
  pages={24},
  year={2018},
  doi={10.1186/s12874-018-0482-1}
}
